<?xml version="1.0" encoding="UTF-8"?>
<record xmlns="http://www.loc.gov/MARC21/slim" xmlns:zs="http://docs.oasis-open.org/ns/search-ws/sruResponse">
 <leader>
  08624cpcaa22012977i 4500
 </leader>
 <controlfield tag="001">
  20548554
 </controlfield>
 <controlfield tag="005">
  20230505124607.0
 </controlfield>
 <controlfield tag="008">
  180619i19612020xx                  eng
 </controlfield>
 <datafield ind1=" " ind2=" " tag="906">
  <subfield code="a">
   7
  </subfield>
  <subfield code="b">
   cbc
  </subfield>
  <subfield code="c">
   orignew
  </subfield>
  <subfield code="d">
   u
  </subfield>
  <subfield code="e">
   ncip
  </subfield>
  <subfield code="f">
   20
  </subfield>
  <subfield code="g">
   y-folklife
  </subfield>
 </datafield>
 <datafield ind1=" " ind2=" " tag="955">
  <subfield code="a">
   mkru 2018-06-19
  </subfield>
  <subfield code="b">
   hh16 2018-06-21 copy on order for AFC
  </subfield>
  <subfield code="a">
   kere 2019-03-04
  </subfield>
  <subfield code="a">
   hh06 2019-07-16 P-2019-00173 for 2019 accrual of ca. 28, 541 items
  </subfield>
  <subfield code="a">
   kere 2019-08-22
  </subfield>
  <subfield code="a">
   jhock 2021-04-07
  </subfield>
  <subfield code="a">
   jhock 2021-05-05
  </subfield>
  <subfield code="a">
   jhock 2021-11-09
  </subfield>
  <subfield code="a">
   masmit 2023-01-24
  </subfield>
  <subfield code="a">
   masmit 2023-04-05
  </subfield>
  <subfield code="a">
   sludewig 2023-04-20
  </subfield>
  <subfield code="a">
   masmit 2023-05-04
  </subfield>
  <subfield code="a">
   masmit 2023-05-05
  </subfield>
 </datafield>
 <datafield ind1=" " ind2=" " tag="010">
  <subfield code="a">
   2019655202
  </subfield>
 </datafield>
 <datafield ind1=" " ind2=" " tag="040">
  <subfield code="a">
   DLC
  </subfield>
  <subfield code="b">
   eng
  </subfield>
  <subfield code="e">
   dacs
  </subfield>
  <subfield code="c">
   DLC
  </subfield>
  <subfield code="d">
   DLC
  </subfield>
 </datafield>
 <datafield ind1=" " ind2=" " tag="041">
  <subfield code="a">
   eng
  </subfield>
  <subfield code="d">
   mul
  </subfield>
 </datafield>
 <datafield ind1=" " ind2="7" tag="041">
  <subfield code="a">
   eng
  </subfield>
  <subfield code="d">
   deu
  </subfield>
  <subfield code="d">
   eng
  </subfield>
  <subfield code="d">
   fra
  </subfield>
  <subfield code="d">
   ita
  </subfield>
  <subfield code="d">
   jpn
  </subfield>
  <subfield code="d">
   pus
  </subfield>
  <subfield code="d">
   spa
  </subfield>
  <subfield code="d">
   tur
  </subfield>
  <subfield code="d">
   xho
  </subfield>
  <subfield code="2">
   iso639-3
  </subfield>
 </datafield>
 <datafield ind1=" " ind2=" " tag="090">
  <subfield code="a">
   AFC 2018/064
  </subfield>
 </datafield>
 <datafield ind1=" " ind2=" " tag="090">
  <subfield code="a">
   BT 1843 (45 rpm vinyl); RYS 0499-0500, 1855-1874 (sound cassettes); VAT 2141-2212 (Betacam); VAT 2213, 2229-2257, 2732, VBY 6627 (Betacam SP); VAT 2214, 2220-2223, 2225-2228, 2258-2260, 2722-2731 (VHS); VAT 2215-2219, 2753 (VHS-C); VAT 2224 (MiniDV); VAT 2733-2752 (Video8); VBY 6628 (U-matic); VTC 3449 (1" videotape)
  </subfield>
 </datafield>
 <datafield ind1="1" ind2=" " tag="100">
  <subfield code="a">
   Lloyd, Susan Caperna,
  </subfield>
  <subfield code="e">
   collector,
  </subfield>
  <subfield code="e">
   creator.
  </subfield>
 </datafield>
 <datafield ind1="1" ind2="0" tag="245">
  <subfield code="a">
   Susan Caperna Lloyd collection,
  </subfield>
  <subfield code="f">
   1961-2020.
  </subfield>
 </datafield>
 <datafield ind1=" " ind2="0" tag="264">
  <subfield code="c">
   1961-2020
  </subfield>
 </datafield>
 <datafield ind1=" " ind2=" " tag="300">
  <subfield code="3">
   whole collection
  </subfield>
  <subfield code="a">
   approximately 18,210
  </subfield>
  <subfield code="f">
   items
  </subfield>
 </datafield>
 <datafield ind1=" " ind2=" " tag="300">
  <subfield code="3">
   whole collection
  </subfield>
  <subfield code="a">
   59
  </subfield>
  <subfield code="f">
   containers
  </subfield>
 </datafield>
 <datafield ind1=" " ind2=" " tag="300">
  <subfield code="3">
   moving images
  </subfield>
  <subfield code="a">
   72 videocassettes (Betacam) :
  </subfield>
  <subfield code="b">
   analog
  </subfield>
 </datafield>
 <datafield ind1=" " ind2=" " tag="300">
  <subfield code="3">
   moving images
  </subfield>
  <subfield code="a">
   32 videocassettes (Betacam SP) :
  </subfield>
  <subfield code="b">
   analog
  </subfield>
 </datafield>
 <datafield ind1=" " ind2=" " tag="300">
  <subfield code="3">
   moving images
  </subfield>
  <subfield code="a">
   22 videocassettes (VHS) :
  </subfield>
  <subfield code="b">
   analog
  </subfield>
 </datafield>
 <datafield ind1=" " ind2=" " tag="300">
  <subfield code="3">
   moving images
  </subfield>
  <subfield code="a">
   6 videocassettes (VHS-C) :
  </subfield>
  <subfield code="b">
   analog
  </subfield>
 </datafield>
 <datafield ind1=" " ind2=" " tag="300">
  <subfield code="3">
   moving images
  </subfield>
  <subfield code="a">
   1 videocassette (U-matic video) :
  </subfield>
  <subfield code="b">
   analog
  </subfield>
 </datafield>
 <datafield ind1=" " ind2=" " tag="300">
  <subfield code="3">
   moving images
  </subfield>
  <subfield code="a">
   20 videocassettes (Hi-8) :
  </subfield>
  <subfield code="b">
   analog
  </subfield>
 </datafield>
 <datafield ind1=" " ind2=" " tag="300">
  <subfield code="3">
   moving images
  </subfield>
  <subfield code="a">
   1 film reel (1 in.) :
  </subfield>
  <subfield code="b">
   analog
  </subfield>
 </datafield>
 <datafield ind1=" " ind2=" " tag="300">
  <subfield code="3">
   moving images
  </subfield>
  <subfield code="a">
   1 videocassette (MiniDV) :
  </subfield>
  <subfield code="b">
   digital
  </subfield>
 </datafield>
 <datafield ind1=" " ind2=" " tag="300">
  <subfield code="3">
   moving images
  </subfield>
  <subfield code="a">
   7 video discs (DVD) :
  </subfield>
  <subfield code="b">
   analog ;
  </subfield>
  <subfield code="c">
   4 3/4 in.
  </subfield>
 </datafield>
 <datafield ind1=" " ind2=" " tag="300">
  <subfield code="3">
   moving images
  </subfield>
  <subfield code="a">
   23 video files :
  </subfield>
  <subfield code="b">
   digital, ifo, vob, mov, mp4
  </subfield>
 </datafield>
 <datafield ind1=" " ind2=" " tag="300">
  <subfield code="3">
   manuscripts
  </subfield>
  <subfield code="a">
   6.4
  </subfield>
  <subfield code="f">
   linear feet
  </subfield>
 </datafield>
 <datafield ind1=" " ind2=" " tag="300">
  <subfield code="3">
   manuscripts
  </subfield>
  <subfield code="a">
   1 text file :
  </subfield>
  <subfield code="b">
   digital, txt
  </subfield>
 </datafield>
 <datafield ind1=" " ind2=" " tag="300">
  <subfield code="3">
   sound recordings
  </subfield>
  <subfield code="a">
   22 sound cassettes :
  </subfield>
  <subfield code="b">
   analog
  </subfield>
 </datafield>
 <datafield ind1=" " ind2=" " tag="300">
  <subfield code="3">
   sound recordings
  </subfield>
  <subfield code="a">
   1 sound disc :
  </subfield>
  <subfield code="b">
   analog ;
  </subfield>
  <subfield code="c">
   7 in.
  </subfield>
 </datafield>
 <datafield ind1=" " ind2=" " tag="300">
  <subfield code="3">
   graphic materials
  </subfield>
  <subfield code="a">
   424 photographs :
  </subfield>
  <subfield code="b">
   film negatives, black and white ;
  </subfield>
  <subfield code="c">
   120 mm
  </subfield>
 </datafield>
 <datafield ind1=" " ind2=" " tag="300">
  <subfield code="3">
   graphic materials
  </subfield>
  <subfield code="a">
   2,185 photographs :
  </subfield>
  <subfield code="b">
   film negatives, black and white ;
  </subfield>
  <subfield code="c">
   35 mm
  </subfield>
 </datafield>
 <datafield ind1=" " ind2=" " tag="300">
  <subfield code="3">
   graphic materials
  </subfield>
  <subfield code="a">
   21 photographs :
  </subfield>
  <subfield code="b">
   film negatives, black and white ;
  </subfield>
  <subfield code="c">
   4 x 5 in.
  </subfield>
 </datafield>
 <datafield ind1=" " ind2=" " tag="300">
  <subfield code="3">
   graphic materials
  </subfield>
  <subfield code="a">
   3,852 photographs :
  </subfield>
  <subfield code="b">
   color transparencies ;
  </subfield>
  <subfield code="c">
   35 mm
  </subfield>
 </datafield>
 <datafield ind1=" " ind2=" " tag="300">
  <subfield code="3">
   graphic materials
  </subfield>
  <subfield code="a">
   24 photographs :
  </subfield>
  <subfield code="b">
   prints, black and white;
  </subfield>
  <subfield code="c">
   various sizes
  </subfield>
 </datafield>
 <datafield ind1=" " ind2=" " tag="300">
  <subfield code="3">
   graphic materials
  </subfield>
  <subfield code="a">
   2 portfolios (36 photographs) :
  </subfield>
  <subfield code="b">
   gelatin silver prints on card mounts, black and white ;
  </subfield>
  <subfield code="c">
   13 x 15 in.
  </subfield>
 </datafield>
 <datafield ind1=" " ind2=" " tag="300">
  <subfield code="3">
   graphic materials
  </subfield>
  <subfield code="a">
   2 portfolios (29 photographs) :
  </subfield>
  <subfield code="b">
   gelatin silver prints on card mounts, black and white ;
  </subfield>
  <subfield code="c">
   15 x 18 in.
  </subfield>
 </datafield>
 <datafield ind1=" " ind2=" " tag="300">
  <subfield code="3">
   graphic materials
  </subfield>
  <subfield code="a">
   5 portfolios (121 photographs) :
  </subfield>
  <subfield code="b">
   Ultrachrome archival inkjet prints , color ;
  </subfield>
  <subfield code="c">
   19 x 13 in.
  </subfield>
 </datafield>
 <datafield ind1=" " ind2=" " tag="300">
  <subfield code="3">
   graphic materials
  </subfield>
  <subfield code="a">
   1 portfolio (14 photographs) :
  </subfield>
  <subfield code="b">
   gelatin silver prints on card mounts, sepia ;
  </subfield>
  <subfield code="c">
   16 x 20 in.
  </subfield>
 </datafield>
 <datafield ind1=" " ind2=" " tag="300">
  <subfield code="3">
   graphic materials
  </subfield>
  <subfield code="a">
   1 portfolio (18 photographs) :
  </subfield>
  <subfield code="b">
   prints with original writing above and below with 2 prints on 1 card mount ;
  </subfield>
  <subfield code="c">
   17 x 12 in.
  </subfield>
 </datafield>
 <datafield ind1=" " ind2=" " tag="300">
  <subfield code="3">
   graphic materials
  </subfield>
  <subfield code="a">
   1 portfolio (14 photographs) :
  </subfield>
  <subfield code="b">
   gelatin silver prints , black and white ;
  </subfield>
  <subfield code="c">
   8 x 10 in.
  </subfield>
 </datafield>
 <datafield ind1=" " ind2=" " tag="300">
  <subfield code="3">
   graphic materials
  </subfield>
  <subfield code="a">
   4 portfolios (111 photographs) :
  </subfield>
  <subfield code="b">
   Ultrachrome archival inkjet prints , black and white ;
  </subfield>
  <subfield code="c">
   19 x 13 in.
  </subfield>
 </datafield>
 <datafield ind1=" " ind2=" " tag="300">
  <subfield code="3">
   graphic materials
  </subfield>
  <subfield code="a">
   5,559 still image files :
  </subfield>
  <subfield code="b">
   digital, jpg
  </subfield>
 </datafield>
 <datafield ind1=" " ind2=" " tag="520">
  <subfield code="a">
   The collection documents Lloyd's expansive and varied career as an author, photographer, and filmmaker documenting folk rituals and customs around the world. A large portion of the collection focuses on Catholic Holy Week and Easter time folk religious rituals in the Philippines, Italy, Spain, New Mexico, Guatemala, and Mexico. Primarily through photographs, Lloyd recorded the adaptation of Catholic Holy Week rituals to include local folk customs. In addition to materials related to Holy Week folk rituals, Lloyd's work contains ethnographic documentation in the form of photographs, films, and writings from North, Central, and South America, Europe, Asia, and Africa regarding festivals, foodways, music, dance, anti-nuclear activism, Basque, Roma, Native American, and Latinx cultures. The collection includes journals and photographs from the entirety of Lloyd's career, beginning with her early work as a photographer and including her many research trips over the years. The production of Lloyd's documentary films, including The Last Zapatista, Processione: A Sicilian Easter, and The Baggage, are represented in the collection through film footage and production files.
  </subfield>
 </datafield>
 <datafield ind1="8" ind2=" " tag="524">
  <subfield code="a">
   Susan Caperna Lloyd collection (AFC 2018/064), American Folklife Center, Library of Congress, Washington, D.C.
  </subfield>
 </datafield>
 <datafield ind1="0" ind2=" " tag="506">
  <subfield code="a">
   Collection is open for research. To request materials, please contact the Folklife Reading Room at
  </subfield>
  <subfield code="u">
   https://hdl.loc.gov/loc.afc/folklife.contact
  </subfield>
 </datafield>
 <datafield ind1=" " ind2=" " tag="540">
  <subfield code="a">
   Duplication of collection materials may be governed by copyright and other restrictions.
  </subfield>
 </datafield>
 <datafield ind1=" " ind2=" " tag="541">
  <subfield code="a">
   Susan Caperna Lloyd;
  </subfield>
  <subfield code="c">
   Purchase;
  </subfield>
  <subfield code="d">
   2018.
  </subfield>
 </datafield>
 <datafield ind1=" " ind2=" " tag="541">
  <subfield code="3">
   P-20190-00173.
  </subfield>
  <subfield code="a">
   Susan Caperna Lloyd;
  </subfield>
  <subfield code="c">
   Purchase;
  </subfield>
  <subfield code="d">
   2020.
  </subfield>
 </datafield>
 <datafield ind1=" " ind2=" " tag="545">
  <subfield code="a">
   Susan Caperna Lloyd is an author, photographer, and filmmaker. She holds an Master of Fine Arts degree from the University of Oregon and her work incorporates elements of folklife, ethnography, religious studies, and anthropology.
  </subfield>
 </datafield>
 <datafield ind1=" " ind2=" " tag="546">
  <subfield code="a">
   Text primarily in English; audio and video material in English, Spanish, Japanese, French, Italian, German, Xhosa, Pashto, and Turkish.
  </subfield>
 </datafield>
 <datafield ind1="0" ind2=" " tag="555">
  <subfield code="a">
   Finding aid is available online
  </subfield>
  <subfield code="u">
   https://hdl.loc.gov/loc.afc/eadafc.af022012
  </subfield>
 </datafield>
 <datafield ind1="1" ind2="0" tag="600">
  <subfield code="a">
   Lloyd, Susan Caperna
  </subfield>
  <subfield code="v">
   Archives.
  </subfield>
 </datafield>
 <datafield ind1="1" ind2="0" tag="600">
  <subfield code="a">
   Lloyd, Susan Caperna
  </subfield>
  <subfield code="v">
   Correspondence.
  </subfield>
 </datafield>
 <datafield ind1="1" ind2="0" tag="600">
  <subfield code="a">
   Castillo Morales, Juan,
  </subfield>
  <subfield code="d">
   -1938.
  </subfield>
 </datafield>
 <datafield ind1="1" ind2="0" tag="600">
  <subfield code="a">
   Zapata, Emiliano,
  </subfield>
  <subfield code="d">
   1879-1919.
  </subfield>
 </datafield>
 <datafield ind1="2" ind2="0" tag="610">
  <subfield code="a">
   Ejército Zapatista de Liberación Nacional (Mexico)
  </subfield>
 </datafield>
 <datafield ind1=" " ind2="0" tag="650">
  <subfield code="a">
   All Souls' Day.
  </subfield>
 </datafield>
 <datafield ind1=" " ind2="0" tag="650">
  <subfield code="a">
   Antinuclear movement.
  </subfield>
 </datafield>
 <datafield ind1=" " ind2="0" tag="650">
  <subfield code="a">
   Basque Americans
  </subfield>
  <subfield code="x">
   Social life and customs.
  </subfield>
 </datafield>
 <datafield ind1=" " ind2="0" tag="650">
  <subfield code="a">
   Catholics
  </subfield>
  <subfield code="z">
   Italy.
  </subfield>
 </datafield>
 <datafield ind1=" " ind2="0" tag="650">
  <subfield code="a">
   Catholics
  </subfield>
  <subfield code="z">
   Mexico.
  </subfield>
 </datafield>
 <datafield ind1=" " ind2="0" tag="650">
  <subfield code="a">
   Catholics
  </subfield>
  <subfield code="z">
   Spain.
  </subfield>
 </datafield>
 <datafield ind1=" " ind2="0" tag="650">
  <subfield code="a">
   Crucifixion.
  </subfield>
 </datafield>
 <datafield ind1=" " ind2="0" tag="650">
  <subfield code="a">
   Folk religion.
  </subfield>
 </datafield>
 <datafield ind1=" " ind2="0" tag="650">
  <subfield code="a">
   Holy Week
  </subfield>
  <subfield code="x">
   Rites and ceremonies.
  </subfield>
 </datafield>
 <datafield ind1=" " ind2="0" tag="650">
  <subfield code="a">
   Italian American families
  </subfield>
  <subfield code="v">
   Biography.
  </subfield>
 </datafield>
 <datafield ind1=" " ind2="0" tag="650">
  <subfield code="a">
   Mayas
  </subfield>
  <subfield code="x">
   Religion.
  </subfield>
 </datafield>
 <datafield ind1=" " ind2="0" tag="650">
  <subfield code="a">
   Modoc Indians.
  </subfield>
 </datafield>
 <datafield ind1=" " ind2="0" tag="650">
  <subfield code="a">
   Navajo Indians
  </subfield>
  <subfield code="x">
   Social life and customs.
  </subfield>
 </datafield>
 <datafield ind1=" " ind2="0" tag="650">
  <subfield code="a">
   Processions, Religious.
  </subfield>
 </datafield>
 <datafield ind1=" " ind2="0" tag="650">
  <subfield code="a">
   Pueblo dance
  </subfield>
  <subfield code="z">
   New Mexico.
  </subfield>
 </datafield>
 <datafield ind1=" " ind2="0" tag="650">
  <subfield code="a">
   Tarahumara Indians
  </subfield>
  <subfield code="x">
   Rites and ceremonies.
  </subfield>
 </datafield>
 <datafield ind1=" " ind2="0" tag="650">
  <subfield code="a">
   Yaqui Indians
  </subfield>
  <subfield code="z">
   Arizona.
  </subfield>
 </datafield>
 <datafield ind1=" " ind2="0" tag="650">
  <subfield code="a">
   Yaqui Indians
  </subfield>
  <subfield code="x">
   Religion.
  </subfield>
 </datafield>
 <datafield ind1=" " ind2="0" tag="651">
  <subfield code="a">
   Afghanistan
  </subfield>
  <subfield code="x">
   Social life and customs.
  </subfield>
 </datafield>
 <datafield ind1=" " ind2="0" tag="651">
  <subfield code="a">
   Cuba
  </subfield>
  <subfield code="x">
   Social life and customs.
  </subfield>
 </datafield>
 <datafield ind1=" " ind2="0" tag="651">
  <subfield code="a">
   Ecuador
  </subfield>
  <subfield code="x">
   Social life and customs.
  </subfield>
 </datafield>
 <datafield ind1=" " ind2="0" tag="651">
  <subfield code="a">
   England
  </subfield>
  <subfield code="x">
   Social life and customs.
  </subfield>
 </datafield>
 <datafield ind1=" " ind2="0" tag="651">
  <subfield code="a">
   France
  </subfield>
  <subfield code="x">
   Social life and customs.
  </subfield>
 </datafield>
 <datafield ind1=" " ind2="0" tag="651">
  <subfield code="a">
   Guatemala
  </subfield>
  <subfield code="x">
   Religious life and customs.
  </subfield>
 </datafield>
 <datafield ind1=" " ind2="0" tag="651">
  <subfield code="a">
   India
  </subfield>
  <subfield code="x">
   Religious life and customs.
  </subfield>
 </datafield>
 <datafield ind1=" " ind2="0" tag="651">
  <subfield code="a">
   India
  </subfield>
  <subfield code="x">
   Social life and customs.
  </subfield>
 </datafield>
 <datafield ind1=" " ind2="0" tag="651">
  <subfield code="a">
   Japan
  </subfield>
  <subfield code="x">
   Religious life and customs.
  </subfield>
 </datafield>
 <datafield ind1=" " ind2="0" tag="651">
  <subfield code="a">
   Mexico
  </subfield>
  <subfield code="x">
   Folklore.
  </subfield>
 </datafield>
 <datafield ind1=" " ind2="0" tag="651">
  <subfield code="a">
   Mexico
  </subfield>
  <subfield code="x">
   Religious life and customs.
  </subfield>
 </datafield>
 <datafield ind1=" " ind2="0" tag="651">
  <subfield code="a">
   Mexico
  </subfield>
  <subfield code="x">
   Social life and customs.
  </subfield>
 </datafield>
 <datafield ind1=" " ind2="0" tag="651">
  <subfield code="a">
   New Mexico
  </subfield>
  <subfield code="x">
   Religious life and customs.
  </subfield>
 </datafield>
 <datafield ind1=" " ind2="0" tag="651">
  <subfield code="a">
   New Mexico
  </subfield>
  <subfield code="x">
   Social life and customs.
  </subfield>
 </datafield>
 <datafield ind1=" " ind2="0" tag="651">
  <subfield code="a">
   Oregon
  </subfield>
  <subfield code="x">
   Social life and customs.
  </subfield>
 </datafield>
 <datafield ind1=" " ind2="0" tag="651">
  <subfield code="a">
   Peru
  </subfield>
  <subfield code="x">
   Social life and customs.
  </subfield>
 </datafield>
 <datafield ind1=" " ind2="0" tag="651">
  <subfield code="a">
   Philippines
  </subfield>
  <subfield code="x">
   Religious life and customs.
  </subfield>
 </datafield>
 <datafield ind1=" " ind2="0" tag="651">
  <subfield code="a">
   South Africa
  </subfield>
  <subfield code="x">
   Social life and customs.
  </subfield>
 </datafield>
 <datafield ind1=" " ind2="0" tag="651">
  <subfield code="a">
   Turkey
  </subfield>
  <subfield code="x">
   Social life and customs.
  </subfield>
 </datafield>
 <datafield ind1=" " ind2="7" tag="655">
  <subfield code="a">
   Sound recordings.
  </subfield>
  <subfield code="2">
   lcgft
  </subfield>
 </datafield>
 <datafield ind1=" " ind2="7" tag="655">
  <subfield code="a">
   Video recordings.
  </subfield>
  <subfield code="2">
   lcgft
  </subfield>
 </datafield>
 <datafield ind1=" " ind2="7" tag="655">
  <subfield code="a">
   Photographs.
  </subfield>
  <subfield code="2">
   aat
  </subfield>
 </datafield>
 <datafield ind1=" " ind2="7" tag="655">
  <subfield code="a">
   Manuscripts.
  </subfield>
  <subfield code="2">
   aat
  </subfield>
 </datafield>
 <datafield ind1="0" ind2="8" tag="774">
  <subfield code="i">
   Container of (manifestation):
  </subfield>
  <subfield code="a">
   Hassel, Eva.
  </subfield>
  <subfield code="t">
   Gelebte Interkulturalität.
  </subfield>
  <subfield code="d">
   Würzburg : Königshausen &amp; Neumann, 2000.
  </subfield>
  <subfield code="w">
   (DLC)  2022655302
  </subfield>
 </datafield>
 <datafield ind1=" " ind2=" " tag="852">
  <subfield code="a">
   Library of Congress
  </subfield>
  <subfield code="b">
   American Folklife Center,
  </subfield>
  <subfield code="e">
   101 Independence Ave. S.E., Washington, DC USA 20540-4610
  </subfield>
  <subfield code="u">
   https://hdl.loc.gov/loc.afc/folklife.home
  </subfield>
 </datafield>
 <datafield ind1="4" ind2="2" tag="856">
  <subfield code="3">
   Finding aid
  </subfield>
  <subfield code="u">
   https://hdl.loc.gov/loc.afc/eadafc.af022012
  </subfield>
 </datafield>
 <datafield ind1=" " ind2=" " tag="923">
  <subfield code="a">
   Purchase
  </subfield>
  <subfield code="d">
   20180621
  </subfield>
  <subfield code="n">
   340599
  </subfield>
  <subfield code="s">
   Susan Caperna Lloyd
  </subfield>
 </datafield>
 <datafield ind1=" " ind2=" " tag="923">
  <subfield code="a">
   Purchase
  </subfield>
  <subfield code="d">
   20190716
  </subfield>
  <subfield code="n">
   345689
  </subfield>
  <subfield code="s">
   Susan Caperna Lloyd
  </subfield>
 </datafield>
 <datafield ind1=" " ind2=" " tag="985">
  <subfield code="a">
   afc/coll
  </subfield>
 </datafield>
 <datafield ind1=" " ind2=" " tag="985">
  <subfield code="a">
   afc/nac
  </subfield>
 </datafield>
 <datafield ind1=" " ind2=" " tag="985">
  <subfield code="a">
   afc/ead
  </subfield>
 </datafield>
</record>
